@article{jacob1961genetic,
  title={Genetic regulatory mechanisms in the synthesis of proteins},
  author={Jacob, Fran{\c{c}}ois and Monod, Jacques},
  journal={Journal of molecular biology},
  volume={3},
  number={3},
  pages={318--356},
  year={1961},
  publisher={Elsevier}
}

@article{kinney2010using,
  title={Using deep sequencing to characterize the biophysical mechanism of a transcriptional regulatory sequence},
  author={Kinney, Justin B and Murugan, Anand and Callan Jr, Curtis G and Cox, Edward C},
  journal={Proceedings of the National Academy of Sciences},
  volume={107},
  number={20},
  pages={9158--9163},
  year={2010},
  publisher={National Acad Sciences}
}

@article{belliveau2018systematic,
  title={Systematic approach for dissecting the molecular mechanisms of transcriptional regulation in bacteria},
  author={Belliveau, Nathan M and Barnes, Stephanie L and Ireland, William T and Jones, Daniel L and Sweredoski, Michael J and Moradian, Annie and Hess, Sonja and Kinney, Justin B and Phillips, Rob},
  journal={Proceedings of the National Academy of Sciences},
  volume={115},
  number={21},
  pages={E4796--E4805},
  year={2018},
  publisher={National Acad Sciences}
}

@article{barnes2019mapping,
  title={Mapping DNA sequence to transcription factor binding energy in vivo},
  author={Barnes, Stephanie L and Belliveau, Nathan M and Ireland, William T and Kinney, Justin B and Phillips, Rob},
  journal={PLoS computational biology},
  volume={15},
  number={2},
  pages={e1006226},
  year={2019},
  publisher={Public Library of Science San Francisco, CA USA}
}

@article{ireland2020deciphering,
  title={Deciphering the regulatory genome of Escherichia coli, one hundred promoters at a time},
  author={Ireland, William T and Beeler, Suzannah M and Flores-Bautista, Emanuel and McCarty, Nicholas S and R{\"o}schinger, Tom and Belliveau, Nathan M and Sweredoski, Michael J and Moradian, Annie and Kinney, Justin B and Phillips, Rob},
  journal={Elife},
  volume={9},
  pages={e55308},
  year={2020},
  publisher={eLife Sciences Publications Limited}
}

@article{li2019identification,
  title={Identification of transcription factor binding sites using ATAC-seq},
  author={Li, Zhijian and Schulz, Marcel H and Look, Thomas and Begemann, Matthias and Zenke, Martin and Costa, Ivan G},
  journal={Genome biology},
  volume={20},
  number={1},
  pages={1--21},
  year={2019},
  publisher={Springer}
}

@article{buenrostro2015atac,
  title={ATAC-seq: a method for assaying chromatin accessibility genome-wide},
  author={Buenrostro, Jason D and Wu, Beijing and Chang, Howard Y and Greenleaf, William J},
  journal={Current protocols in molecular biology},
  volume={109},
  number={1},
  pages={21--29},
  year={2015},
  publisher={Wiley Online Library}
}

@article{boyle2008high,
  title={High-resolution mapping and characterization of open chromatin across the genome},
  author={Boyle, Alan P and Davis, Sean and Shulha, Hennady P and Meltzer, Paul and Margulies, Elliott H and Weng, Zhiping and Furey, Terrence S and Crawford, Gregory E},
  journal={Cell},
  volume={132},
  number={2},
  pages={311--322},
  year={2008},
  publisher={Elsevier}
}

@article{rhee2012chip,
  title={ChIP-exo method for identifying genomic location of DNA-binding proteins with near-single-nucleotide accuracy},
  author={Rhee, Ho Sung and Pugh, B Franklin},
  journal={Current protocols in molecular biology},
  volume={100},
  number={1},
  pages={21--24},
  year={2012},
  publisher={Wiley Online Library}
}

@article{urtecho2018systematic,
  title={Systematic dissection of sequence elements controlling $\sigma$70 promoters using a genomically encoded multiplexed reporter assay in Escherichia coli},
  author={Urtecho, Guillaume and Tripp, Arielle D and Insigne, Kimberly D and Kim, Hwangbeom and Kosuri, Sriram},
  journal={Biochemistry},
  volume={58},
  number={11},
  pages={1539--1551},
  year={2018},
  publisher={ACS Publications}
}

@article{urtecho2020genome,
  title={Genome-wide functional characterization of Escherichia coli promoters and regulatory elements responsible for their function},
  author={Urtecho, Guillaume and Insigne, Kimberly D and Tripp, Arielle D and Brinck, Marcia and Lubock, Nathan B and Kim, Hwangbeom and Chan, Tracey and Kosuri, Sriram},
  journal={BioRxiv},
  year={2020},
  publisher={Cold Spring Harbor Laboratory}
}


@article{la2021automated,
  title={Automated model-predictive design of synthetic promoters to control transcriptional profiles in bacteria},
  author={La Fleur, Travis L and Hossain, Ayaan and Salis, Howard M},
  journal={bioRxiv},
  year={2021},
  publisher={Cold Spring Harbor Laboratory}
}

@article{keseler2010ecocyc,
  title={EcoCyc: a comprehensive database of Escherichia coli biology},
  author={Keseler, Ingrid M and Collado-Vides, Julio and Santos-Zavaleta, Alberto and Peralta-Gil, Martin and Gama-Castro, Socorro and Mu{\~n}iz-Rascado, Luis and Bonavides-Martinez, C{\'e}sar and Paley, Suzanne and Krummenacker, Markus and Altman, Tomer and others},
  journal={Nucleic acids research},
  volume={39},
  number={suppl\_1},
  pages={D583--D590},
  year={2010},
  publisher={Oxford University Press}
}

@article{santos2019regulondb,
  title={RegulonDB v 10.5: tackling challenges to unify classic and high throughput knowledge of gene regulation in E. coli K-12},
  author={Santos-Zavaleta, Alberto and Salgado, Heladia and Gama-Castro, Socorro and S{\'a}nchez-P{\'e}rez, Mishael and G{\'o}mez-Romero, Laura and Ledezma-Tejeida, Daniela and Garc{\'\i}a-Sotelo, Jair Santiago and Alquicira-Hern{\'a}ndez, Kevin and Mu{\~n}iz-Rascado, Luis Jos{\'e} and Pe{\~n}a-Loredo, Pablo and others},
  journal={Nucleic acids research},
  volume={47},
  number={D1},
  pages={D212--D220},
  year={2019},
  publisher={Oxford University Press}
}


@article{subramanian2018set,
  title={A set of experimentally validated, mutually orthogonal primers for combinatorially specifying genetic components},
  author={Subramanian, Subu K and Russ, William P and Ranganathan, Rama},
  journal={Synthetic Biology},
  volume={3},
  number={1},
  pages={ysx008},
  year={2018},
  publisher={Oxford University Press}
}

@article{rydenfelt2014statistical,
  title={Statistical mechanical model of coupled transcription from multiple promoters due to transcription factor titration},
  author={Rydenfelt, Mattias and Cox III, Robert Sidney and Garcia, Hernan and Phillips, Rob},
  journal={Physical Review E},
  volume={89},
  number={1},
  pages={012702},
  year={2014},
  publisher={APS}
}

